<mx:record xmlns="http://www.w3.org/TR/xhtml1/strict" xmlns:mx="http://www.loc.gov/MARC21/slim" xmlns:xsi="http://www.w3.org/2001/XMLSchema-instance"><mx:leader>00000cz  a2200000n  45 0</mx:leader><mx:controlfield tag="001">oca02318367 </mx:controlfield><mx:controlfield tag="005">20080311052806.0</mx:controlfield><mx:controlfield tag="008">880711n| acannaabn          |n aaa     c</mx:controlfield><mx:datafield ind1=" " ind2=" " tag="010"><mx:subfield code="a">n  88648425</mx:subfield></mx:datafield><mx:datafield ind1=" " ind2=" " tag="040"><mx:subfield code="a">MH</mx:subfield><mx:subfield code="b">eng</mx:subfield><mx:subfield code="c">MH</mx:subfield><mx:subfield code="d">OCoLC</mx:subfield></mx:datafield><mx:datafield ind1="0" ind2=" " tag="100"><mx:subfield code="a">Theano</mx:subfield></mx:datafield><mx:datafield ind1=" " ind2=" " tag="670"><mx:subfield code="a">Femmes pythagoriciennes, c1980:</mx:subfield><mx:subfield code="b">t.p. (Théano)</mx:subfield></mx:datafield><mx:datafield ind1=" " ind2=" " tag="670"><mx:subfield code="a">Oxf. class. dict.</mx:subfield><mx:subfield code="b">(Theano)</mx:subfield></mx:datafield><mx:datafield ind1=" " ind2=" " tag="675"><mx:subfield code="a">Enc. Brit.</mx:subfield></mx:datafield><mx:datafield ind1=" " ind2=" " tag="999"><mx:subfield code="a">540</mx:subfield></mx:datafield></mx:record>